<record><leader>00000cas a22000007a 4500</leader><controlfield tag="001">17536765</controlfield><controlfield tag="008">880225d19691973ohuwr ne      0    0eng d</controlfield><datafield ind1=" " ind2=" " tag="010"><subfield code="a">sn 88077173 </subfield></datafield><datafield ind1=" " ind2=" " tag="040"><subfield code="a">ONP</subfield><subfield code="b">eng</subfield><subfield code="c">ONP</subfield><subfield code="d">OCLCQ</subfield></datafield><datafield ind1=" " ind2=" " tag="042"><subfield code="a">msc</subfield></datafield><datafield ind1="0" ind2=" " tag="130"><subfield code="a">Chronicle (Vandalia, Ohio)</subfield></datafield><datafield ind1="1" ind2="0" tag="245"><subfield code="a">Chronicle.</subfield></datafield><datafield ind1=" " ind2=" " tag="260"><subfield code="a">Vandalia, Ohio :</subfield><subfield code="b">[s.n.],</subfield><subfield code="c">1969-1973.</subfield></datafield><datafield ind1=" " ind2=" " tag="310"><subfield code="a">Weekly,</subfield><subfield code="b">Dec. 15, 1971-Oct. 10, 1973</subfield></datafield><datafield ind1=" " ind2=" " tag="321"><subfield code="a">Semiweekly,</subfield><subfield code="b">Dec. 4, 1969-Dec. 11, 1971</subfield></datafield><datafield ind1="0" ind2=" " tag="362"><subfield code="a">15th year, no. 1 (Dec. 4, 1969)-17th year, 41st ed. (Oct. 10, 1973).</subfield></datafield><datafield ind1=" " ind2=" " tag="752"><subfield code="a">United States</subfield><subfield code="b">Ohio</subfield><subfield code="c">Montgomery</subfield><subfield code="d">Vandalia.</subfield></datafield><datafield ind1="0" ind2="0" tag="780"><subfield code="t">Crossroads chronicle</subfield><subfield code="w">(DLC)sn 88077172</subfield></datafield><datafield ind1="0" ind2="0" tag="785"><subfield code="t">Vandalia-Butler, Northridge chronicle</subfield><subfield code="w">(DLC)sn 88077174</subfield></datafield></record>